<?xml version="1.0" encoding="UTF-8" ?>
<collection xmlns:xsi="http://www.w3.org/2001/XMLSchema-instance"
    xsi:schemaLocation="http://www.loc.gov/MARC21/slim
        http://www.loc.gov/standards/marcxml/schema/MARC21slim.xsd"
    xmlns="http://www.loc.gov/MARC21/slim">
<record>
  <leader>00257cam a2200493 i 4500</leader>
  <controlfield tag="001">b12507222</controlfield>
  <controlfield tag="003">LeBAU</controlfield>
  <controlfield tag="005">20190607</controlfield>
  <controlfield tag="008">110524s1949    sy ach        001 0 ara d</controlfield>
  <datafield tag="035" ind1=" " ind2=" ">
    <subfield code="a">ocn784364622</subfield>
  </datafield>
  <datafield tag="040" ind1=" " ind2=" ">
    <subfield code="a">LEAUB</subfield>
    <subfield code="b">ara</subfield>
    <subfield code="e">rda</subfield>
    <subfield code="c">LEAUB</subfield>
    <subfield code="d">LEAUB</subfield>
  </datafield>
  <datafield tag="041" ind1="0" ind2=" ">
    <subfield code="a">ara</subfield>
    <subfield code="a">fre</subfield>
    <subfield code="a">eng</subfield>
  </datafield>
  <datafield tag="082" ind1="0" ind2="4">
    <subfield code="a">780.95</subfield>
    <subfield code="2">23</subfield>
  </datafield>
  <datafield tag="100" ind1="1" ind2=" ">
    <subfield code="6">880-01</subfield>
    <subfield code="a">Allāh Wīrdī, Mīkhāʼīl Khalīl</subfield>
    <subfield code="e">author.</subfield>
    <subfield code="0">https://lccn.loc.gov/nr89011628 ,</subfield>
  </datafield>
  <datafield tag="245" ind1="1" ind2="0">
    <subfield code="6">880-02</subfield>
    <subfield code="a">Falsafat al-mūsīqá al-sharqīyah fī asrār al-fann al-ʻArabī :</subfield>
    <subfield code="b">ḥasm wa-jalā’ li-sā’ir al-mashākil al-mūsīqīyah : buḥūth ḥadīthah fī al-shiʻr wa-al-riyāḍīyāt wa-fīzyā’ al-ṣawt wa-kull mā la-hu ʻalāqah bi-al-mūsīqá /</subfield>
    <subfield code="c">Mīkhā’īl Khalīl Allāh Wīrdī.</subfield>
  </datafield>
  <datafield tag="246" ind1="1" ind2="5">
    <subfield code="a">Philosophy of oriental music</subfield>
  </datafield>
  <datafield tag="250" ind1=" " ind2=" ">
    <subfield code="6">880-03</subfield>
    <subfield code="a">al-Ṭabʻah al-thāniyah.</subfield>
  </datafield>
  <datafield tag="264" ind1=" " ind2="1">
    <subfield code="6">880-04</subfield>
    <subfield code="a">Dimashq :</subfield>
    <subfield code="b">Maṭbaʻat Ibn Zaydūn,</subfield>
    <subfield code="c">1949</subfield>
  </datafield>
  <datafield tag="300" ind1=" " ind2=" ">
    <subfield code="6">880-05</subfield>
    <subfield code="a">h-lz, 608, 40 pages :</subfield>
    <subfield code="b">illustrations, facsimiles, portrait ;</subfield>
    <subfield code="c">24 cm</subfield>
  </datafield>
  <datafield tag="336" ind1=" " ind2=" ">
    <subfield code="a">text</subfield>
    <subfield code="b">txt</subfield>
    <subfield code="2">rdacontent</subfield>
  </datafield>
  <datafield tag="336" ind1=" " ind2=" ">
    <subfield code="a">still image</subfield>
    <subfield code="b">sti</subfield>
    <subfield code="2">rdacontent</subfield>
  </datafield>
  <datafield tag="337" ind1=" " ind2=" ">
    <subfield code="a">unmediated</subfield>
    <subfield code="b">n</subfield>
    <subfield code="2">rdamedia</subfield>
  </datafield>
  <datafield tag="338" ind1=" " ind2=" ">
    <subfield code="a">volume</subfield>
    <subfield code="b">nc</subfield>
    <subfield code="2">rdacarrier</subfield>
  </datafield>
  <datafield tag="500" ind1=" " ind2=" ">
    <subfield code="a">"كتاب ينظم علوم الموسيقى ويدعو الى توحيد لغتها عالمياً."--صفحة [1]</subfield>
  </datafield>
  <datafield tag="500" ind1=" " ind2=" ">
    <subfield code="a">يتضمن كشاف.</subfield>
  </datafield>
  <datafield tag="500" ind1=" " ind2=" ">
    <subfield code="a">"للعروبة والفن العالمي."</subfield>
  </datafield>
  <datafield tag="520" ind1=" " ind2=" ">
    <subfield code="a">"يقع في 672 صفحة، ومن موضوعاته: بحث مبتكر في التحقيق عن أصالة الأصوات مع تحديد علمي للنسبة المتصلة الموسيقية، وعلاقتها بالأنغام وغيرها، دراسة لم يسبق لها مثيل في السلم العربي وسائر السلالم الموسيقية معززة بستين رسماً وجدولاً فنياً. إيضاح الإتفاقات الصوتية وإستعمالها عند العرب مع مقابلتها بالإتفاقات المعدلة، تبيان الأنغام الصحيحة بأطوال الأوتار والإهتزازات والعلامات العربية. شرح التوزين والإيقاع في الشعر والموسيقى بالموازين اللامتناهية الى غير ذلك من أبحاث طريفة مؤيدة بالبراهين تحقق توحيد لغة الموسيقى لتقريب الأذواق وبناء السلام."</subfield>
  </datafield>
  <datafield tag="546" ind1=" " ind2=" ">
    <subfield code="a">النص بالعربية؛ مع بعض النصوص بالفرنسية والإنجليزية.</subfield>
  </datafield>
  <datafield tag="650" ind1=" " ind2="4">
    <subfield code="a">الموسيقى العربية</subfield>
    <subfield code="x">تاريخ ونقد.</subfield>
  </datafield>
  <datafield tag="650" ind1=" " ind2="4">
    <subfield code="a">الموسيقى الشرقية</subfield>
    <subfield code="x">تاريخ ونقد.</subfield>
  </datafield>
  <datafield tag="650" ind1=" " ind2="0">
    <subfield code="a">Music, Arabic</subfield>
    <subfield code="x">History and criticism.</subfield>
  </datafield>
  <datafield tag="650" ind1=" " ind2="0">
    <subfield code="a">Music, Oriental</subfield>
    <subfield code="x">History and criticism.</subfield>
  </datafield>
  <datafield tag="787" ind1="0" ind2="8">
    <subfield code="6">880-06</subfield>
    <subfield code="i">is container of (work)</subfield>
    <subfield code="4">http://rdaregistry.info/Elements/w/P10147 :</subfield>
    <subfield code="a">Allāh Wīrdī, Mīkhāʼīl Khalīl.</subfield>
    <subfield code="t">Muqaddimāt al-ṭab‘ah al-thānīyah li-Kitāb Falsafat al-mūsīqá al-sharqīyah fī asrār al-fann al-‘Arabī.</subfield>
    <subfield code="d">Dimashq : Maṭābi‘ Ibn Zaydūn, 1949</subfield>
    <subfield code="w">(LEAUB)b17590826</subfield>
  </datafield>
  <datafield tag="852" ind1=" " ind2=" ">
    <subfield code="a">Jafet Library</subfield>
    <subfield code="e">American University of Beirut, Bliss Street, Beirut, Lebanon.‎</subfield>
  </datafield>
  <datafield tag="880" ind1="1" ind2=" ">
    <subfield code="6">100-01/(3/r</subfield>
    <subfield code="a">الله ويردي، ميخائيل خليل،</subfield>
    <subfield code="0">https://lccn.loc.gov/nr89011628 ,</subfield>
    <subfield code="e">مؤلف. </subfield>
    <subfield code="4">aut.</subfield>
  </datafield>
  <datafield tag="880" ind1="1" ind2="0">
    <subfield code="6">245-02/(3/r</subfield>
    <subfield code="a">فلسفة الموسيقى الشرقية في أسرار الفن العربي :</subfield>
    <subfield code="b">حسم وجلاء لسائر المشاكل الموسيقية : بحوث حديثة في الشعر والرياضيات وفيزياء الصوت وكل ما له علاقة بالموسيقى /</subfield>
    <subfield code="c">ميخائيل خليل الله ويردي.</subfield>
  </datafield>
  <datafield tag="880" ind1=" " ind2=" ">
    <subfield code="6">250-03/(3/r</subfield>
    <subfield code="a">الطبعة الثانية.</subfield>
  </datafield>
  <datafield tag="880" ind1=" " ind2="1">
    <subfield code="6">264-04/(3/r</subfield>
    <subfield code="a">دمشق :</subfield>
    <subfield code="b">مطبعة إبن زيدون،</subfield>
    <subfield code="c">1949.</subfield>
  </datafield>
  <datafield tag="880" ind1=" " ind2=" ">
    <subfield code="6">300-05/(3/r</subfield>
    <subfield code="a">هـ-لز، 608، 40 صفحة :</subfield>
    <subfield code="b">مصورات، صورة شخصانية، صور طبق الاصل ؛</subfield>
    <subfield code="c">24 سم</subfield>
  </datafield>
  <datafield tag="880" ind1="0" ind2="8">
    <subfield code="6">787-06/(3/r</subfield>
    <subfield code="i">يتضمن (عمل)</subfield>
    <subfield code="4">http://rdaregistry.info/Elements/w/P10147:</subfield>
    <subfield code="a">الله ويردي، ميخائيل خليل.</subfield>
    <subfield code="t">مقدمات الطبعة الثانية لكتاب فلسفة الموسيقى الشرقية في أسرار الفن العربي.</subfield>
    <subfield code="d">دمشق : مطابع إبن زيدون، 1949</subfield>
    <subfield code="w">(LEAUB)b17590826</subfield>
  </datafield>
  <datafield tag="907" ind1=" " ind2=" ">
    <subfield code="a">.b12507222</subfield>
    <subfield code="b">19-06-14</subfield>
    <subfield code="c">11-05-24</subfield>
  </datafield>
  <datafield tag="907" ind1=" " ind2=" ">
    <subfield code="a">.b12507222</subfield>
    <subfield code="b">15-10-15</subfield>
    <subfield code="c">11-05-24</subfield>
  </datafield>
  <datafield tag="945" ind1=" " ind2=" ">
    <subfield code="f">J</subfield>
    <subfield code="a">780.95:A416fA</subfield>
    <subfield code="i">01029941</subfield>
    <subfield code="j">.i13003112</subfield>
    <subfield code="l">u0503</subfield>
  </datafield>
  <datafield tag="998" ind1=" " ind2=" ">
    <subfield code="a">u05</subfield>
    <subfield code="b">97-07-07</subfield>
    <subfield code="c">m</subfield>
    <subfield code="d">a  </subfield>
    <subfield code="e">-</subfield>
    <subfield code="f">ara</subfield>
    <subfield code="g">sy </subfield>
    <subfield code="h">0</subfield>
    <subfield code="i">1</subfield>
  </datafield>
</record>
</collection>
